<?xml version="1.0" encoding="UTF-8"?><record xmlns="http://www.loc.gov/MARC21/slim" xmlns:cinclude="http://apache.org/cocoon/include/1.0" xmlns:zs="http://www.loc.gov/zing/srw/">
  <leader>00672cz  a2200205n  4500</leader>
  <controlfield tag="001">no 92008951 </controlfield>
  <controlfield tag="003">DLC</controlfield>
  <controlfield tag="005">20130314093147.0</controlfield>
  <controlfield tag="008">920406n| azannaabn          |a aaa     c</controlfield>
  <datafield tag="010" ind1=" " ind2=" ">
    <subfield code="a">no 92008951 </subfield>
  </datafield>
  <datafield tag="035" ind1=" " ind2=" ">
    <subfield code="a">(OCoLC)oca03146125</subfield>
  </datafield>
  <datafield tag="040" ind1=" " ind2=" ">
    <subfield code="a">O</subfield>
    <subfield code="b">eng</subfield>
    <subfield code="e">rda</subfield>
    <subfield code="c">O</subfield>
    <subfield code="d">MnMpUMNX</subfield>
    <subfield code="d">DLC</subfield>
  </datafield>
  <datafield tag="046" ind1=" " ind2=" ">
    <subfield code="f">1892</subfield>
  </datafield>
  <datafield tag="100" ind1="1" ind2=" ">
    <subfield code="a">Scott, Alma,</subfield>
    <subfield code="d">1892-</subfield>
  </datafield>
  <datafield tag="400" ind1="1" ind2=" ">
    <subfield code="w">nnea</subfield>
    <subfield code="a">Scott, Alma,</subfield>
    <subfield code="d">b. 1892</subfield>
  </datafield>
  <datafield tag="400" ind1="1" ind2=" ">
    <subfield code="a">Scott, Alma Olivia Schmidt,</subfield>
    <subfield code="d">1892-</subfield>
  </datafield>
  <datafield tag="500" ind1="1" ind2=" ">
    <subfield code="a">Travers, Georgia,</subfield>
    <subfield code="d">1892-</subfield>
  </datafield>
  <datafield tag="670" ind1=" " ind2=" ">
    <subfield code="a">Her Wanda GaĚg, 1949:</subfield>
    <subfield code="b">t.p. (Alma Scott)</subfield>
  </datafield>
  <datafield tag="670" ind1=" " ind2=" ">
    <subfield code="a">OCLC database, 4/6/92</subfield>
    <subfield code="b">(hdg.: Scott, Alma Olivia Schmidt, 1892-  )</subfield>
  </datafield>
  <datafield tag="675" ind1=" " ind2=" ">
    <subfield code="a">Travers, G.  The story of Kattor, 1939: t.p. (Georgia Travers)</subfield>
  </datafield>
</record>